<?xml version="1.0" encoding="UTF-8"?><collection xmlns="http://www.loc.gov/MARC21/slim"><record><leader>00449nam--2200133-i-4500</leader><controlfield tag="001">000006927</controlfield><controlfield tag="002">20161230</controlfield><controlfield tag="005">20170208000222</controlfield><controlfield tag="008">060222s1000------------r-----000-0-eng-d</controlfield><datafield ind1=" " ind2=" " tag="245"><subfield code="a">Carbides in nuclear energy. Proceedings of a symposium held at Harwell, November 1963. Vol.I: Physical and chemical properties. Phase diagrams</subfield></datafield><datafield ind1=" " ind2=" " tag="260"><subfield code="a">London</subfield><subfield code="b">Macmillan &amp; Co., Ltd</subfield><subfield code="c">1964</subfield></datafield><datafield ind1=" " ind2=" " tag="300"><subfield code="a">966 p</subfield></datafield><datafield ind1=" " ind2=" " tag="700"><subfield code="a">Russell, L. E</subfield></datafield><datafield ind1=" " ind2=" " tag="CAT"><subfield code="a">SYS</subfield><subfield code="c">20170208</subfield><subfield code="h">000222</subfield></datafield></record></collection>